<?xml version="1.0" encoding="UTF-8"?><collection xmlns="http://www.loc.gov/MARC21/slim"><record><leader>00371nam--2200145-i-4500</leader><controlfield tag="001">000028980</controlfield><controlfield tag="002">20161230</controlfield><controlfield tag="005">20161230201037</controlfield><controlfield tag="008">060222s1000------------r-----000-0-eng-d</controlfield><datafield ind1=" " ind2=" " tag="080"><subfield code="a">53.092:533.599</subfield></datafield><datafield ind1=" " ind2=" " tag="100"><subfield code="a">Leck, J.H</subfield></datafield><datafield ind1=" " ind2=" " tag="245"><subfield code="a">Pressure measurement in vacuum systems</subfield></datafield><datafield ind1=" " ind2=" " tag="260"><subfield code="a">London, The Inst.Of Ph., 1957. 144p</subfield></datafield><datafield ind1=" " ind2=" " tag="490"><subfield code="a">Physics In Industry</subfield></datafield><datafield ind1=" " ind2=" " tag="852"><subfield code="a">12961</subfield></datafield></record></collection>